<?xml version="1.0" encoding="UTF-8"?>
  <record xmlns="http://www.loc.gov/MARC21/slim" type="Authority">
    <leader>00000nz  a2200000nc 4500</leader>
    <controlfield tag="001">1052957374</controlfield>
    <controlfield tag="003">DE-101</controlfield>
    <controlfield tag="005">20200330102709.0</controlfield>
    <controlfield tag="008">140702n||aznnnaabn           | ana    |c</controlfield>
    <datafield tag="024" ind1="7" ind2=" ">
      <subfield code="a">1052957374</subfield>
      <subfield code="0">http://d-nb.info/gnd/1052957374</subfield>
      <subfield code="2">gnd</subfield>
    </datafield>
    <datafield tag="035" ind1=" " ind2=" ">
      <subfield code="a">(DE-101)1052957374</subfield>
    </datafield>
    <datafield tag="035" ind1=" " ind2=" ">
      <subfield code="a">(DE-588)1052957374</subfield>
    </datafield>
    <datafield tag="040" ind1=" " ind2=" ">
      <subfield code="a">DE-23</subfield>
      <subfield code="c">DE-23</subfield>
      <subfield code="9">r:DE-1</subfield>
      <subfield code="b">ger</subfield>
      <subfield code="d">0017</subfield>
    </datafield>
    <datafield tag="042" ind1=" " ind2=" ">
      <subfield code="a">gnd1</subfield>
    </datafield>
    <datafield tag="043" ind1=" " ind2=" ">
      <subfield code="c">XA-DXDE</subfield>
    </datafield>
    <datafield tag="075" ind1=" " ind2=" ">
      <subfield code="b">b</subfield>
      <subfield code="2">gndgen</subfield>
    </datafield>
    <datafield tag="075" ind1=" " ind2=" ">
      <subfield code="b">kiz</subfield>
      <subfield code="2">gndspec</subfield>
    </datafield>
    <datafield tag="079" ind1=" " ind2=" ">
      <subfield code="a">g</subfield>
      <subfield code="q">f</subfield>
      <subfield code="u">r</subfield>
    </datafield>
    <datafield tag="110" ind1="2" ind2=" ">
      <subfield code="a">Officina Rungiana</subfield>
    </datafield>
    <datafield tag="410" ind1="2" ind2=" ">
      <subfield code="a">Typographia Rungiana</subfield>
    </datafield>
    <datafield tag="410" ind1="2" ind2=" ">
      <subfield code="a">Typographeum Rungianum</subfield>
    </datafield>
    <datafield tag="410" ind1="2" ind2=" ">
      <subfield code="a">Literae Rungianae</subfield>
    </datafield>
    <datafield tag="410" ind1="2" ind2=" ">
      <subfield code="a">Literis Rungianis</subfield>
    </datafield>
    <datafield tag="410" ind1="2" ind2=" ">
      <subfield code="a">Typi Rungiani</subfield>
    </datafield>
    <datafield tag="410" ind1="2" ind2=" ">
      <subfield code="a">Typis Rungianis</subfield>
    </datafield>
    <datafield tag="410" ind1="2" ind2=" ">
      <subfield code="a">Character Rungianus</subfield>
    </datafield>
    <datafield tag="410" ind1="2" ind2=" ">
      <subfield code="a">Characteres Rungiani</subfield>
    </datafield>
    <datafield tag="410" ind1="2" ind2=" ">
      <subfield code="a">Charactere Rungiano</subfield>
    </datafield>
    <datafield tag="410" ind1="2" ind2=" ">
      <subfield code="a">Rungische Druckerei</subfield>
    </datafield>
    <datafield tag="410" ind1="2" ind2=" ">
      <subfield code="a">Typis Rvngianis</subfield>
    </datafield>
    <datafield tag="410" ind1="2" ind2=" ">
      <subfield code="a">Typographia Rvngiana</subfield>
    </datafield>
    <datafield tag="500" ind1="1" ind2=" ">
      <subfield code="0">(DE-101)138075069</subfield>
      <subfield code="0">(DE-588)138075069</subfield>
      <subfield code="0">https://d-nb.info/gnd/138075069</subfield>
      <subfield code="a">Runge, Georg</subfield>
      <subfield code="d">-1639</subfield>
      <subfield code="4">besi</subfield>
      <subfield code="4">https://d-nb.info/standards/elementset/gnd#owner</subfield>
      <subfield code="w">r</subfield>
      <subfield code="i">Besitzer</subfield>
      <subfield code="e">Besitzer</subfield>
      <subfield code="9">v:Eigentümer</subfield>
      <subfield code="9">Z:1610-1639</subfield>
    </datafield>
    <datafield tag="500" ind1="1" ind2=" ">
      <subfield code="0">(DE-101)1037532724</subfield>
      <subfield code="0">(DE-588)1037532724</subfield>
      <subfield code="0">https://d-nb.info/gnd/1037532724</subfield>
      <subfield code="a">Runge, Georg</subfield>
      <subfield code="c">Witwe</subfield>
      <subfield code="4">besi</subfield>
      <subfield code="4">https://d-nb.info/standards/elementset/gnd#owner</subfield>
      <subfield code="w">r</subfield>
      <subfield code="i">Besitzer</subfield>
      <subfield code="e">Besitzer</subfield>
      <subfield code="9">v:Eigentümerin</subfield>
      <subfield code="9">Z:1639-1644?</subfield>
    </datafield>
    <datafield tag="500" ind1="1" ind2=" ">
      <subfield code="0">(DE-101)128479957</subfield>
      <subfield code="0">(DE-588)128479957</subfield>
      <subfield code="0">https://d-nb.info/gnd/128479957</subfield>
      <subfield code="a">Runge, Christoph</subfield>
      <subfield code="d">1619-1681</subfield>
      <subfield code="4">besi</subfield>
      <subfield code="4">https://d-nb.info/standards/elementset/gnd#owner</subfield>
      <subfield code="w">r</subfield>
      <subfield code="i">Besitzer</subfield>
      <subfield code="e">Besitzer</subfield>
      <subfield code="9">v:Eigentümer</subfield>
      <subfield code="9">Z:1643-1681</subfield>
    </datafield>
    <datafield tag="500" ind1="1" ind2=" ">
      <subfield code="0">(DE-101)1037533283</subfield>
      <subfield code="0">(DE-588)1037533283</subfield>
      <subfield code="0">https://d-nb.info/gnd/1037533283</subfield>
      <subfield code="a">Salfeld, Maria Katharina</subfield>
      <subfield code="4">besi</subfield>
      <subfield code="4">https://d-nb.info/standards/elementset/gnd#owner</subfield>
      <subfield code="w">r</subfield>
      <subfield code="i">Besitzer</subfield>
      <subfield code="e">Besitzer</subfield>
      <subfield code="9">v:Eigentümerin</subfield>
      <subfield code="9">Z:1681-1685</subfield>
    </datafield>
    <datafield tag="510" ind1="2" ind2=" ">
      <subfield code="0">(DE-101)1090699263</subfield>
      <subfield code="0">(DE-588)1090699263</subfield>
      <subfield code="0">https://d-nb.info/gnd/1090699263</subfield>
      <subfield code="a">Literis Viduae Salfeldianae</subfield>
      <subfield code="4">nach</subfield>
      <subfield code="4">https://d-nb.info/standards/elementset/gnd#succeedingCorporateBody</subfield>
      <subfield code="w">r</subfield>
      <subfield code="i">Nachfolger</subfield>
      <subfield code="e">Nachfolger</subfield>
    </datafield>
    <datafield tag="510" ind1="2" ind2=" ">
      <subfield code="0">(DE-101)1004503911</subfield>
      <subfield code="0">(DE-588)6146117-9</subfield>
      <subfield code="0">https://d-nb.info/gnd/6146117-9</subfield>
      <subfield code="a">Christoph Runge Erben</subfield>
      <subfield code="4">vorg</subfield>
      <subfield code="4">https://d-nb.info/standards/elementset/gnd#precedingCorporateBody</subfield>
      <subfield code="w">r</subfield>
      <subfield code="i">Vorgaenger</subfield>
      <subfield code="e">Vorgaenger</subfield>
      <subfield code="9">v:Eigentümer</subfield>
      <subfield code="9">Z:1607-1610</subfield>
    </datafield>
    <datafield tag="548" ind1=" " ind2=" ">
      <subfield code="a">-1685</subfield>
      <subfield code="4">datb</subfield>
      <subfield code="4">https://d-nb.info/standards/elementset/gnd#dateOfTermination</subfield>
      <subfield code="w">r</subfield>
      <subfield code="i">Zeitraum</subfield>
      <subfield code="9">v:Anfangsdatum unbekannt</subfield>
    </datafield>
    <datafield tag="550" ind1=" " ind2=" ">
      <subfield code="0">(DE-101)041333330</subfield>
      <subfield code="0">(DE-588)4133333-0</subfield>
      <subfield code="0">https://d-nb.info/gnd/4133333-0</subfield>
      <subfield code="a">Druckerei</subfield>
      <subfield code="4">obin</subfield>
      <subfield code="4">https://d-nb.info/standards/elementset/gnd#broaderTermInstantial</subfield>
      <subfield code="w">r</subfield>
      <subfield code="i">Oberbegriff instantiell</subfield>
      <subfield code="9">Z:-1685</subfield>
    </datafield>
    <datafield tag="551" ind1=" " ind2=" ">
      <subfield code="0">(DE-101)040057283</subfield>
      <subfield code="0">(DE-588)4005728-8</subfield>
      <subfield code="0">https://d-nb.info/gnd/4005728-8</subfield>
      <subfield code="a">Berlin</subfield>
      <subfield code="4">orta</subfield>
      <subfield code="4">https://d-nb.info/standards/elementset/gnd#placeOfBusiness</subfield>
      <subfield code="w">r</subfield>
      <subfield code="i">Ort</subfield>
      <subfield code="9">Z:-1685</subfield>
    </datafield>
    <datafield tag="667" ind1=" " ind2=" ">
      <subfield code="a">VD-17</subfield>
    </datafield>
  </record>
